@InProceedings{SH2013,
 author    = {Maria Eskevich and Gareth J.F. Jones and Shu Chen and Robin Aly
              and Roeland Ordelman},
 title     = {The {Search and Hyperlinking Task} at {MediaEval} 2013},
 booktitle = {MediaEval 2013 Workshop},
 year      = {2013},
 month     = {October 18-19},
 address   = {Barcelona, Spain}
}
